@article{LefevreHasegawa03,
  title={Sur les A [infini]-cat{\'e}gories},
  author={Kenji Lefevre-Hasegawa},
  journal={arXiv: Category Theory},
  year={2003}
}

@incollection {Keller06,
    AUTHOR = {Keller, Bernhard},
     TITLE = {{$A$}-infinity algebras, modules and functor categories},
 BOOKTITLE = {Trends in representation theory of algebras and related
              topics},
    SERIES = {Contemp. Math.},
    VOLUME = {406},
     PAGES = {67--93},
 PUBLISHER = {Amer. Math. Soc., Providence, RI},
      YEAR = {2006},
   MRCLASS = {18D15 (16D90 18E30 18G10 18G40 55U35)},
  MRNUMBER = {2258042},
MRREVIEWER = {Volodymyr V. Lyubashenko},
       DOI = {10.1090/conm/406/07654},
       URL = {https://doi.org/10.1090/conm/406/07654},
}

@article {Keller01,
    AUTHOR = {Keller, Bernhard},
     TITLE = {Introduction to {$A$}-infinity algebras and modules},
   JOURNAL = {Homology Homotopy Appl.},
  FJOURNAL = {Homology, Homotopy and Applications},
    VOLUME = {3},
      YEAR = {2001},
    NUMBER = {1},
     PAGES = {1--35},
      ISSN = {1532-0081},
   MRCLASS = {18E30 (18D50 18G40 55P43 55U35)},
  MRNUMBER = {1854636},
MRREVIEWER = {Ulrike Tillmann},
       DOI = {10.4310/hha.2001.v3.n1.a1},
       URL = {https://doi.org/10.4310/hha.2001.v3.n1.a1},
}

@incollection {Keller02,
    AUTHOR = {Keller, Bernhard},
     TITLE = {{$A$}-infinity algebras in representation theory},
 BOOKTITLE = {Representations of algebra. {V}ol. {I}, {II}},
     PAGES = {74--86},
 PUBLISHER = {Beijing Norm. Univ. Press, Beijing},
      YEAR = {2002},
   MRCLASS = {16E45 (16E30 16S37 18E30 18G40)},
  MRNUMBER = {2067371},
}

@article {Keller94,
    AUTHOR = {Keller, Bernhard},
     TITLE = {Deriving {DG} categories},
   JOURNAL = {Ann. Sci. \'{E}cole Norm. Sup. (4)},
  FJOURNAL = {Annales Scientifiques de l'\'{E}cole Normale Sup\'{e}rieure. Quatri\`eme
              S\'{e}rie},
    VOLUME = {27},
      YEAR = {1994},
    NUMBER = {1},
     PAGES = {63--102},
      ISSN = {0012-9593},
   MRCLASS = {18E30 (16D90)},
  MRNUMBER = {1258406},
MRREVIEWER = {Jeremy Rickard},
       URL = {http://www.numdam.org/item?id=ASENS_1994_4_27_1_63_0},
}

@article {Getzler90,
    AUTHOR = {Getzler, Ezra and Jones, John D. S.},
     TITLE = {{$A_\infty$}-algebras and the cyclic bar complex},
   JOURNAL = {Illinois J. Math.},
  FJOURNAL = {Illinois Journal of Mathematics},
    VOLUME = {34},
      YEAR = {1990},
    NUMBER = {2},
     PAGES = {256--283},
      ISSN = {0019-2082},
   MRCLASS = {19D55 (18G50 19K56 55P35)},
  MRNUMBER = {1046565},
MRREVIEWER = {Jean-Marc Piveteau},
       URL = {http://projecteuclid.org/euclid.ijm/1255988267},
}

@book {Krause21,
  author = {Krause, Henning},
  title = {Homological Theory of Representations -Draft Version of a Book Project-},
  year = 2021,
  month = aug,
  PUBLISHER = {Cambridge University Press},
  url = {https://www.math.uni-bielefeld.de/~hkrause/HomTheRep.pdf}
}

@book {MacLane71,
    AUTHOR = {MacLane, Saunders},
     TITLE = {Categories for the working mathematician},
    SERIES = {Graduate Texts in Mathematics, Vol. 5},
 PUBLISHER = {Springer-Verlag, New York-Berlin},
      YEAR = {1971},
     PAGES = {ix+262},
   MRCLASS = {18-02},
  MRNUMBER = {0354798},
MRREVIEWER = {H.-B. Brinkmann},
}